<record><leader>00000cas a22000007a 4500</leader><controlfield tag="001">16052540</controlfield><controlfield tag="008">870623d19381980inuwr ne      0    0eng d</controlfield><datafield ind1=" " ind2=" " tag="010"><subfield code="a">sn 87056115 </subfield></datafield><datafield ind1=" " ind2=" " tag="040"><subfield code="a">NPI</subfield><subfield code="b">eng</subfield><subfield code="c">NPI</subfield><subfield code="d">OCLCQ</subfield><subfield code="d">NPI</subfield><subfield code="d">OCLCQ</subfield></datafield><datafield ind1=" " ind2=" " tag="042"><subfield code="a">msc</subfield></datafield><datafield ind1="0" ind2=" " tag="130"><subfield code="a">Perry Township weekly (Beech Grove (Marion County, Ind.) : 1938)</subfield></datafield><datafield ind1="1" ind2="0" tag="245"><subfield code="a">Perry Township weekly.</subfield></datafield><datafield ind1=" " ind2=" " tag="260"><subfield code="a">Beech Grove, Ind. :</subfield><subfield code="b">Mrs. C.D. Goddard,</subfield><subfield code="c">-1980.</subfield></datafield><datafield ind1=" " ind2=" " tag="300"><subfield code="a">v. :</subfield><subfield code="b">ill.</subfield></datafield><datafield ind1=" " ind2=" " tag="310"><subfield code="a">Weekly</subfield></datafield><datafield ind1="0" ind2=" " tag="362"><subfield code="a">-June 5, 1980.</subfield></datafield><datafield ind1=" " ind2=" " tag="500"><subfield code="a">"Published in the interest of Beech Grove, University Heights, Edgewood and Southport.</subfield></datafield><datafield ind1=" " ind2=" " tag="588"><subfield code="a">Description based on: Vol. 4, no. 47 (Jan. 16, 1942).</subfield></datafield><datafield ind1=" " ind2=" " tag="752"><subfield code="a">United States</subfield><subfield code="b">Indiana</subfield><subfield code="c">Marion</subfield><subfield code="d">Beech Grove (Marion County)</subfield></datafield><datafield ind1=" " ind2=" " tag="752"><subfield code="a">United States</subfield><subfield code="b">Indiana</subfield><subfield code="c">Marion</subfield><subfield code="d">Indianapolis.</subfield></datafield><datafield ind1=" " ind2=" " tag="752"><subfield code="a">United States</subfield><subfield code="b">Indiana</subfield><subfield code="c">Marion</subfield><subfield code="d">Southport.</subfield></datafield><datafield ind1=" " ind2=" " tag="752"><subfield code="a">United States</subfield><subfield code="b">Indiana</subfield><subfield code="c">Marion</subfield><subfield code="d">Edgewood.</subfield></datafield><datafield ind1="0" ind2="0" tag="780"><subfield code="t">Perry Township echoes</subfield></datafield><datafield ind1="0" ind2="0" tag="785"><subfield code="t">Perry weekly</subfield><subfield code="w">(DLC)sn 87056119</subfield></datafield></record>